<record><leader>00000cas a22000007a 4500</leader><controlfield tag="001">23916178</controlfield><controlfield tag="008">910611d18841888aruwr ne      0    0eng d</controlfield><datafield ind1=" " ind2=" " tag="010"><subfield code="a">sn 91050093 </subfield></datafield><datafield ind1=" " ind2=" " tag="040"><subfield code="a">ANU</subfield><subfield code="b">eng</subfield><subfield code="c">ANU</subfield><subfield code="d">OCLCQ</subfield><subfield code="d">OCLCF</subfield><subfield code="d">OCLCO</subfield></datafield><datafield ind1="1" ind2=" " tag="029"><subfield code="a">AU@</subfield><subfield code="b">000025857640</subfield></datafield><datafield ind1=" " ind2=" " tag="042"><subfield code="a">msc</subfield></datafield><datafield ind1=" " ind2=" " tag="043"><subfield code="a">n-us-ar</subfield></datafield><datafield ind1="0" ind2="0" tag="245"><subfield code="a">Malvern weekly news.</subfield></datafield><datafield ind1=" " ind2=" " tag="260"><subfield code="a">Malvern, Ark. :</subfield><subfield code="b">Jasper B. Story, Thomas J. Story</subfield></datafield><datafield ind1=" " ind2=" " tag="300"><subfield code="a">v.</subfield></datafield><datafield ind1=" " ind2=" " tag="310"><subfield code="a">Weekly</subfield></datafield><datafield ind1="1" ind2=" " tag="362"><subfield code="a">Began in 1884; ceased in 1888.</subfield></datafield><datafield ind1=" " ind2=" " tag="580"><subfield code="a">Continues: Malvern monitor (non-extant).</subfield></datafield><datafield ind1=" " ind2=" " tag="588"><subfield code="a">Description based on incomplete issue of July 14, 1887; title from publisher's statement.</subfield></datafield><datafield ind1=" " ind2="0" tag="651"><subfield code="a">Malvern (Ark.)</subfield><subfield code="v">Newspapers.</subfield></datafield><datafield ind1=" " ind2="7" tag="655"><subfield code="a">Newspapers.</subfield><subfield code="2">fast</subfield><subfield code="0">(OCoLC)fst01423814</subfield></datafield><datafield ind1=" " ind2="7" tag="651"><subfield code="a">Arkansas</subfield><subfield code="z">Malvern.</subfield><subfield code="2">fast</subfield><subfield code="0">(OCoLC)fst01218907</subfield></datafield><datafield ind1=" " ind2=" " tag="752"><subfield code="a">United States</subfield><subfield code="b">Arkansas</subfield><subfield code="c">Hot Spring</subfield><subfield code="d">Malvern.</subfield></datafield><datafield ind1="1" ind2="0" tag="780"><subfield code="t">Malvern monitor</subfield></datafield><datafield ind1="0" ind2="0" tag="785"><subfield code="t">Arkansas State journal</subfield><subfield code="w">(DLC)sn 91050092</subfield></datafield></record>